<record xmlns="http://www.loc.gov/MARC21/slim" xmlns:xsi="http://www.w3.org/2001/XMLSchema-instance" xsi:schemaLocation="http://www.loc.gov/MARC21/slim http://www.loc.gov/standards/marcxml/schema/MARC21slim.xsd"><leader>00570cz   2200169n  4500</leader><controlfield tag="001">oca04257388 </controlfield><controlfield tag="003">OCoLC</controlfield><controlfield tag="005">20051020100954.0</controlfield><controlfield tag="008">970121n| acannaab           |a aaa     c</controlfield><datafield ind1=" " ind2=" " tag="010"><subfield code="a">nr 97002353 </subfield></datafield><datafield ind1=" " ind2=" " tag="040"><subfield code="a">NIC</subfield><subfield code="b">eng</subfield><subfield code="c">NIC</subfield><subfield code="d">DLC</subfield></datafield><datafield ind1=" " ind2="0" tag="053"><subfield code="a">PA8310.E7</subfield></datafield><datafield ind1="0" ind2=" " tag="100"><subfield code="a">Ermoldus</subfield><subfield code="c">Nigellus,</subfield><subfield code="d">9th cent.</subfield></datafield><datafield ind1="0" ind2=" " tag="400"><subfield code="a">Ermold,</subfield><subfield code="d">9th cent.</subfield></datafield><datafield ind1=" " ind2=" " tag="670"><subfield code="a">Ermoldus Nigellus' digt om Kong Haralds daab, 1886:</subfield><subfield code="b">p. 3 (Ermold; abbot; participant in campaign against rebellious Bretons 824)</subfield></datafield><datafield ind1=" " ind2=" " tag="670"><subfield code="a">NUC pre-56</subfield><subfield code="b">(Ermoldus Nigellus, 9th cent.)</subfield></datafield><datafield ind1=" " ind2=" " tag="675"><subfield code="a">Dansk biografisk leksikon</subfield></datafield></record>